<record><leader>00000cas a22000007a 4500</leader><controlfield tag="001">40112977</controlfield><controlfield tag="008">981015c199u9999vautr ne      0    0eng d</controlfield><datafield ind1=" " ind2=" " tag="010"><subfield code="a">sn 98068272 </subfield></datafield><datafield ind1=" " ind2=" " tag="040"><subfield code="a">NVK</subfield><subfield code="b">eng</subfield><subfield code="c">NVK</subfield><subfield code="d">OCLCQ</subfield><subfield code="d">OCLCF</subfield><subfield code="d">OCLCO</subfield><subfield code="d">OCL</subfield></datafield><datafield ind1=" " ind2=" " tag="019"><subfield code="a">39945855</subfield></datafield><datafield ind1=" " ind2=" " tag="042"><subfield code="a">msc</subfield></datafield><datafield ind1=" " ind2=" " tag="043"><subfield code="a">n-us-va</subfield></datafield><datafield ind1="0" ind2="0" tag="245"><subfield code="a">Guide to Virginia's Civil War battlefields &amp; sites.</subfield></datafield><datafield ind1="3" ind2=" " tag="246"><subfield code="a">Guide to Virginia's Civil War battlefields and sites</subfield></datafield><datafield ind1="1" ind2="7" tag="246"><subfield code="a">Virginia's Civil War</subfield></datafield><datafield ind1=" " ind2=" " tag="260"><subfield code="a">Richmond, Va. :</subfield><subfield code="b">Page One</subfield></datafield><datafield ind1=" " ind2=" " tag="300"><subfield code="a">v.</subfield></datafield><datafield ind1=" " ind2=" " tag="310"><subfield code="a">Three times a year</subfield></datafield><datafield ind1="1" ind2=" " tag="362"><subfield code="a">Began in 1993?</subfield></datafield><datafield ind1=" " ind2=" " tag="515"><subfield code="a">Numbering irregular or absent.</subfield></datafield><datafield ind1=" " ind2=" " tag="580"><subfield code="a">Page One, Inc. also published: Guide to historic Richmond; and Guide to historic Virginia.</subfield></datafield><datafield ind1=" " ind2=" " tag="588"><subfield code="a">Description based on: Issue for summer 1993.</subfield></datafield><datafield ind1=" " ind2="0" tag="651"><subfield code="a">Richmond (Va.)</subfield><subfield code="v">Newspapers.</subfield></datafield><datafield ind1=" " ind2="0" tag="651"><subfield code="a">Richmond (Va.)</subfield><subfield code="y">Civil War, 1861-1865</subfield><subfield code="x">Battlefields.</subfield></datafield><datafield ind1=" " ind2="0" tag="651"><subfield code="a">Virginia</subfield><subfield code="x">Description and travel</subfield><subfield code="v">Newspapers.</subfield></datafield><datafield ind1="2" ind2="7" tag="611"><subfield code="a">American Civil War (1861-1865)</subfield><subfield code="2">fast</subfield><subfield code="0">(OCoLC)fst01351658</subfield></datafield><datafield ind1=" " ind2="7" tag="650"><subfield code="a">Battlefields.</subfield><subfield code="2">fast</subfield><subfield code="0">(OCoLC)fst00828910</subfield></datafield><datafield ind1=" " ind2="7" tag="650"><subfield code="a">Travel.</subfield><subfield code="2">fast</subfield><subfield code="0">(OCoLC)fst01155558</subfield></datafield><datafield ind1=" " ind2="7" tag="651"><subfield code="a">United States.</subfield><subfield code="2">fast</subfield><subfield code="0">(OCoLC)fst01204155</subfield></datafield><datafield ind1=" " ind2="7" tag="651"><subfield code="a">Virginia.</subfield><subfield code="2">fast</subfield><subfield code="0">(OCoLC)fst01204597</subfield></datafield><datafield ind1=" " ind2="7" tag="651"><subfield code="a">Virginia</subfield><subfield code="z">Richmond.</subfield><subfield code="2">fast</subfield><subfield code="0">(OCoLC)fst01205345</subfield></datafield><datafield ind1=" " ind2="7" tag="648"><subfield code="a">1861-1865</subfield><subfield code="2">fast</subfield></datafield><datafield ind1=" " ind2="7" tag="655"><subfield code="a">History.</subfield><subfield code="2">fast</subfield><subfield code="0">(OCoLC)fst01411628</subfield></datafield><datafield ind1=" " ind2="7" tag="655"><subfield code="a">Newspapers.</subfield><subfield code="2">fast</subfield><subfield code="0">(OCoLC)fst01423814</subfield></datafield><datafield ind1=" " ind2=" " tag="752"><subfield code="a">United States</subfield><subfield code="b">Virginia</subfield><subfield code="d">Richmond.</subfield></datafield><datafield ind1="1" ind2=" " tag="775"><subfield code="t">Guide to historic Richmond</subfield><subfield code="w">(DLC)sn 98068241</subfield></datafield><datafield ind1="1" ind2=" " tag="775"><subfield code="t">Guide to historic Virginia (Richmond, Va. : 1995 : Central ed.)</subfield><subfield code="w">(DLC)sn 98068237</subfield></datafield><datafield ind1="1" ind2=" " tag="775"><subfield code="t">Guide to historic Virginia (Richmond, Va. : 1996)</subfield><subfield code="w">(DLC)sn 98068278</subfield></datafield><datafield ind1="1" ind2=" " tag="029"><subfield code="a">AU@</subfield><subfield code="b">000014247825</subfield></datafield></record>